@article{manber1993suffix,
	title={Suffix arrays: a new method for on-line string searches},
	author={Manber, Udi and Myers, Gene},
	journal={siam Journal on Computing},
	volume={22},
	number={5},
	pages={935--948},
	year={1993},
	publisher={SIAM}
}

@article{abouelhoda2004replacing,
	title={Replacing suffix trees with enhanced suffix arrays},
	author={Abouelhoda, Mohamed Ibrahim and Kurtz, Stefan and Ohlebusch, Enno},
	journal={Journal of discrete algorithms},
	volume={2},
	number={1},
	pages={53--86},
	year={2004},
	publisher={Elsevier}
}

@inproceedings{siren2009compressed,
	title={Compressed suffix arrays for massive data},
	author={Sir{\'e}n, Jouni},
	booktitle={International Symposium on String Processing and Information Retrieval},
	pages={63--74},
	year={2009},
	organization={Springer}
}

@inproceedings{abouelhoda2002enhanced,
	title={The enhanced suffix array and its applications to genome analysis},
	author={Abouelhoda, Mohamed Ibrahim and Kurtz, Stefan and Ohlebusch, Enno},
	booktitle={International Workshop on Algorithms in Bioinformatics},
	pages={449--463},
	year={2002},
	organization={Springer}
}

@article{gusfield1997algorithms,
	title={Algorithms on strings, trees, and sequences. 1997},
	author={Gusfield, Dan},
	journal={Computer Science and Computational Biology. New York: Cambridge University Press},
	year={1997}
}

@article{boyer1977fast,
	title={A fast string searching algorithm},
	author={Boyer, Robert S and Moore, J Strother},
	journal={Communications of the ACM},
	volume={20},
	number={10},
	pages={762--772},
	year={1977},
	publisher={ACM New York, NY, USA}
}

@inproceedings{weiner1973linear,
	title={Linear pattern matching algorithms},
	author={Weiner, Peter},
	booktitle={14th Annual Symposium on Switching and Automata Theory (swat 1973)},
	pages={1--11},
	year={1973},
	organization={IEEE}
}

@article{salson2010dynamic,
	title={Dynamic extended suffix arrays},
	author={Salson, Mika{\"e}l and Lecroq, Thierry and L{\'e}onard, Martine and Mouchard, Laurent},
	journal={Journal of Discrete Algorithms},
	volume={8},
	number={2},
	pages={241--257},
	year={2010},
	publisher={Elsevier}
}

@article{kurtz2001reputer,
	title={REPuter: the manifold applications of repeat analysis on a genomic scale},
	author={Kurtz, Stefan and Choudhuri, Jomuna V and Ohlebusch, Enno and Schleiermacher, Chris and Stoye, Jens and Giegerich, Robert},
	journal={Nucleic acids research},
	volume={29},
	number={22},
	pages={4633--4642},
	year={2001},
	publisher={Oxford University Press}
}

//Describes MUMer

@article{delcher1999alignment,
	title={Alignment of whole genomes},
	author={Delcher, Arthur L and Kasif, Simon and Fleischmann, Robert D and Peterson, Jeremy and White, Owen and Salzberg, Steven L},
	journal={Nucleic acids research},
	volume={27},
	number={11},
	pages={2369--2376},
	year={1999},
	publisher={Oxford University Press}
}

@article{perl1978interpolation,
	title={Interpolation searchâ€”a log log N search},
	author={Perl, Yehoshua and Itai, Alon and Avni, Haim},
	journal={Communications of the ACM},
	volume={21},
	number={7},
	pages={550--553},
	year={1978},
	publisher={ACM New York, NY, USA}
}

@article{kurtz1999reducing,
	title={Reducing the space requirement of suffix trees},
	author={Kurtz, Stefan},
	journal={Software: Practice and Experience},
	volume={29},
	number={13},
	pages={1149--1171},
	year={1999},
	publisher={Wiley Online Library}
}

@inproceedings{karkkainen2003simple,
	title={Simple linear work suffix array construction},
	author={K{\"a}rkk{\"a}inen, Juha and Sanders, Peter},
	booktitle={International colloquium on automata, languages, and programming},
	pages={943--955},
	year={2003},
	organization={Springer}
}

@inproceedings{nong2009linear,
	title={Linear suffix array construction by almost pure induced-sorting},
	author={Nong, Ge and Zhang, Sen and Chan, Wai Hong},
	booktitle={2009 Data Compression Conference},
	pages={193--202},
	year={2009},
	organization={IEEE}
}

@article{giegerich1997ukkonen,
	title={From Ukkonen to McCreight and Weiner: A unifying view of linear-time suffix tree construction},
	author={Giegerich, Robert and Kurtz, Stefan},
	journal={Algorithmica},
	volume={19},
	number={3},
	pages={331--353},
	year={1997},
	publisher={Springer}
}

@inproceedings{fischer2011inducing,
	title={Inducing the LCP-array},
	author={Fischer, Johannes},
	booktitle={Workshop on Algorithms and Data Structures},
	pages={374--385},
	year={2011},
	organization={Springer}
}

@phdthesis{baier2015linear,
	title={Linear-time suffix sorting},
	author={Baier, Uwe},
	year={2015},
	school={Master Thesis}
}
